10400000         299999999999999                    3121009999900000000EMPRESA TESTE                 CAIXA ECONOMICA FEDERAL                 11508201214370300000105000000                    REMESSA-PRODUCAO                                 
10400011R0100030 2099999999999999000000000000000000003121009999900000000EMPRESA TESTE                                                                                                 000000011508201200000000                                 
1040001300001P 013121009999900000000000000000000037     11222BOL000037/1    0701201200000000000496200000002N08122011100000000000000000000012000000000000000000000000000000000000000000000000000000BOL000037/1              3002000090000000000 
1040001300002Q 011000099999999999CLIENTE TESTE 1 D                       RUA TESTE TESTE TESTE 20 CONTATO1       BAIRRO TESTE   99999999CIDADE TESTE   MA0000000000000000                                        000                            
1040001300003R 01000000000000000000000000000000000000000000000000108012012000000000000347                                                                                          0000000000000000000000000000                                 
10400015         00000500000000000000000000000000000000000000000000000000000000000000000000000000000000000000000000                                                                                                                             
10499999         000001000007                                                                                                                                                                                                                   
