00100000         299999999999999                    0999990000000999999 EMPRESA TESTE                 BANCO DO BRASIL                         11112201109255200000103000000                                                                     
00100011R0100020 2099999999999999009999999001417019  0999990000000999999 EMPRESA TESTE                                                                                000000011112201100000000                                 
0010001300001P 010999990000000999999 99999990000000037   11122BOL000037/1    0701201200000000000496200000 02N08122011100000000000000000000012000000000000000000000000000000000000000000000000000000BOL000037/1              3002000090012345678 
0010001300002Q 011000099999999999CLIENTE TESTE 1 D                       RUA TESTE TESTE TESTE 20 CONTATO1       BAIRRO TESTE   99999999CIDADE TESTE   MA0000000000000000                                        00099999990000000037           
0010001300003R 01000000000000000000000000000000000000000000000000108012012000000000000347                                                                                          0000000000000000000000000000                                 
0010001300002P 010999990000000999999 99999990000000037   11122BOL000037/1    0701201200000000000496200000 02N08122011100000000000000000000012000000000000000000000000000000000000000000000000000000BOL000037/1              3002000090012345678 
0010001300004Q 011000099999999999CLIENTE TESTE 1 D                       RUA TESTE TESTE TESTE 20 CONTATO1       BAIRRO TESTE   99999999CIDADE TESTE   MA0000000000000000                                        00099999990000000037           
0010001300006R 01000000000000000000000000000000000000000000000000108012012000000000000347                                                                                          0000000000000000000000000000                                 
00100015         000008000000                                        00000000000000000000000                                                                                                                                                    
00199999         000001000010                                                                                                                                                                                                                   
